@Book{cormen09_introd,
  author =	 {Cormen, Thomas},
  title =	 {Introduction to algorithms},
  year =	 2009,
  publisher =	 {MIT Press},
  address =	 {Cambridge, Mass},
  isbn =	 9780262033848,
}
@misc{hashingusp,
  title = {{Hashing}},
 author = {Paulo Feofiloff},
  howpublished = "\url{https://www.ime.usp.br/~pf/estruturas-de-dados/aulas/st-hash.html}",
  year = {2018}, 
  note = "[Online; acessado 16-03-2019]"
}
@misc{kernel,
  title = {{Kernel (operating system)}},
 author = {Wikipedia},
  howpublished = "\url{https://en.wikipedia.org/wiki/Kernel_(operating_system)}",
  year = {2019}, 
  note = "[Online; acessado 21-03-2019]"
}